% This file was created with JabRef 2.10b2.
% Encoding: UTF-8


@Manual{abntex2classe,
  Title                    = {A classe abntex2: Modelo can{\^o}nico de trabalhos acad{\^e}micos brasileiros compat{\'\i}vel com as normas ABNT NBR 14724:2011, ABNT NBR 6024:2012 e outras},
  Author                   = {abnTeX2 and Lauro C{\'e}sar Araujo},
  Organization             = {Equipe abnTeX2},
  Year                     = {2014},

  Bdsk-url-1               = {http://code.google.com/p/abntex2/},
  Date-added               = {2013-01-09 10:37:38 +0000},
  Date-modified            = {2013-04-05 11:03:48 +0000},
  
  Url                      = {http://abntex2.googlecode.com/}
}

@Manual{abntex2classe,
  Title                    = {A classe abntex2: Modelo can{\^o}nico de trabalhos acad{\^e}micos brasileiros compat{\'\i}vel com as normas ABNT NBR 14724:2011, ABNT NBR 6024:2012 e outras},
  Author                   = {abnTeX2 and Lauro C{\'e}sar Araujo},
  Organization             = {Equipe abnTeX2},
  Year                     = {2014},

  Bdsk-url-1               = {http://code.google.com/p/abntex2/},
  Date-added               = {2013-01-09 10:37:38 +0000},
  Date-modified            = {2013-04-05 11:03:48 +0000},
  
  Url                      = {http://abntex2.googlecode.com/}
}

@Article{normasuesc,
  Title                    = {Normas Técnicas para Elaboração de Trabalhos Acadêmicos},
  Author                   = {Maria Aparecida Leão Bitencourt and Maria J. Serrão Nuntes and Moema M. B. C. Midlej and Mônica de M. Pires},
  Journal                  = {Ediitus - Editora da UESC},
  Year                     = {2010},
 
  Pages                    = {91},
  

  Address                  = {New York, NY, USA},
  Publisher                = {ACM}
}

@BOOK{Zimmermann,
 author={H.J. Zimmermann},
 title= {Fuzzy set theory},
 publisher={John Wiley \& Sons},
 address={Flórida},
 volume={2},
 year={2010}
}

@BOOK{GomideandPed,
 author={W. Pedrycz and F. Gomide},
 title= {An introduction to fuzzy sets: analysis and design},
 publisher={Imprenta Cambridge},
 address={Bradford},
 pages={465p},
 year={1998}
}

@Manual{abntex2,
  Title                    = {A classe abntex2: Documentos técnicos e cientíﬁcos brasileiros
compatíveis com as normas ABNT},
  Author                   = {abnTeX2 and Lauro C{\'e}sar Araujo},
  Organization             = {Equipe abnTeX2},
  Year                     = {2013},

  Bdsk-url-1               = {http://code.google.com/p/abntex2/},
  Date-added               = {2013-01-09 10:37:38 +0000},
  Date-modified            = {2013-04-05 11:03:48 +0000},
  Timestamp                = {2013.12.29},
  Url                      = {http://abntex2.googlecode.com/}
}

@Book{linked,
  Title                    = {Linked: The New Science of Networks},
  Author                   = {A. L. Barabasi},
  Publisher                = {Perseus Publishing},
  Year                     = {2002}
}

@Book{teste:2014,
  Title                    = {Testando a utilização de ``et al.''},
  Author                   = {Autor1 Fulano and Autor2 beltrano and Autor3 Erculano and Autor4 sem lá},
  Publisher                = {Editora},
  Year                     = {2004},

  Address                  = {Cidade},
  Edition                  = {2},

  Page                     = {5}
}

@Article{belkin:1990,
  Title                    = {The cognitive viewpoint in information science},
  Author                   = {{Nicholas} J. Belkin},
  Journal                  = {JIS},
  Year                     = {1990},
  Pages                    = {11--15},
  Volume                   = {16}
}

@Misc{BibTeX14,
  Title                    = {BibTeX.org},

  Author                   = {BibTeX},
  Year                     = {2014},

  
  Url                      = {http://www.bibtex.org},
  Urlaccessdate            = {24 de janeiro de 2014}
}

@TechReport{artifice:2002,
  Title                    = {Arquitetura Flexível para a Criação de Agentes de Software Cognitivos e Situados},
  Author                   = {{Henrique} E. Borges},
  Institution              = {Centro Federal de Educação Tecnológica de Minas Gerais},
  Year                     = {2002},

  Address                  = {Belo Horizonte},
  Note                     = {Projeto de Pesquisa (Departamento de Ensino Superior)},

  Pages                    = {16},
  Subtitle                 = {teoria, metodologia e ferramentas}
}

@Article{brookes:1980a,
  Title                    = {The foundations of information science. {Part I}. {Phisolophical} aspects.},
  Author                   = {Bertram C. Brookes},
  Journal                  = {JIS},
  Year                     = {1980},
  Number                   = {3},
  Pages                    = {125-133},
  Volume                   = {2},

  Part                     = {1}
}

@Article{brookes:1980b,
  Title                    = {Teste},
  Author                   = {Bertram C. Brookes},
  Journal                  = JIS,
  Year                     = {1980},
  Number                   = {3},
  Pages                    = {125-133},
  Volume                   = {2},

  Part                     = {1}
}

@PHDTHESIS{lima,
 author  = {ELIANA BEATRIZ NUNES RONDON LIMA},
 title   = {Modelagem Integrada para Gest\~ao da Qualidade da \'Agua na Bacia do Rio Cuiab\'a},
 school  = {Universidade Federal do Rio de Janeiro, COPPE},
 address = {Rio de Janeiro-RJ},
 pages={206p},
 year    = {2001}
}


@Book{Buerger1989,
  Title                    = {LaTeX for scientists and engineers},
  Author                   = {Buerger, David John},
  Publisher                = {McGraw-Hill},
  Year                     = {1989},

  Address                  = {Singapura}
}

@Article{carvalho:2001,
  Title                    = {Inteligência competitiva numa visão de futuro},
  Author                   = {Cláudia Carvalho and José Fajardo and Joaquim Cruz},
  Journal                  = {DataGramaZero - Revista da Ciência da Informação},
  Year                     = {2001},
  Number                   = {3},
  Pages                    = {12--16},
  Volume                   = {2},

  Mounth                   = {junho},
  Subtitle                 = {proposta metodológica}
}

@Misc{CTAN214,
  Title                    = {The comprehensive TeX archive network},

  Author                   = {CTAN},
  Year                     = {2014},

 
  Url                      = {http://www.ctan.org},
  Urlaccessdate            = {8 de novembro de 2014}
}



@Misc{camargo,
  Title                    = {Apostila de Latex:  Criando Artigos Acadêmicos},

  Author                   = {Daniel S. Camargo},
  Year                     = {2014},

 
  Url                      = {http://www.colmeia.udesc.br/},
  Urlaccessdate            = {24 de janeiro de 2014}
}


@Misc{reginaldo,
  Title                    = {Introdução ao Latex},

  Author                   = {Reginaldo dos Santos},
  Year                     = {2014},

 
  Url                      = {www.mat.ufmg.br/~regi/topicos/intlat.pdf},
  Urlaccessdate            = {24 de janeiro de 2014}
}

@Book{DAELN2006,
  Title                    = {Normas de apresenta\c{c}\~ao de trabalhos acad\^emicos do {DAELN}},
  Author                   = {DAELN},
  Editor                   = {David, Denise Elizabeth Hey and Crocetti, Simone},
  Publisher                = {Departamento Acad\^emico de Eletr\^onica da UTFPR},
  Year                     = {2006},

  Address                  = {Curitiba}
}

@InProceedings{3faloutsos,
  Title                    = {On Power-law Relationships of the Internet Topology},
  Author                   = {M. Faloutsos and P. Faloutsos and C. Faloutsos},
  Booktitle                = {Book Title},
  Year                     = {1999},

  Address                  = {New York, NY, USA},
  Pages                    = {251--262},
  Publisher                = {ACM Press},

  ISBN                     = {1-58113-135-6},
  Location                 = {Cambridge, Massachusetts, United States}
}

@InBook{vanGelder:1998c,
  Title                    = {Computers and computation in cognitive science},
  Author                   = {T. J. van Gelder},
  Editor                   = {M. T. Michalewicz},
  Pages                    = {109-126},
  Publisher                = {CSIRO Publishing},
  Year                     = {1998},

  Address                  = {Melbourne},
  Month                    = {March},
  Series                   = {Advances in Computational Life Sciences},
  Volume                   = {2: Humans to Proteins}
}

@Book{goldfather:1990,
  Title                    = {Fundamental questions},
  Author                   = {Puzo H. Goldfather},
  Publisher                = {Prentice-Hall},
  Year                     = {1990},

  Address                  = {New York},

  Pages                    = {178}
}

@Book{Goossens2007,
  Title                    = {The LaTeX graphics companion},
  Author                   = {Goossens, Michel and Mittelbach, Frank and Rahtz, Sebastian and Roegel, Denis and Voss, Herbert},
  Publisher                = {Addison-Wesley},
  Year                     = {2007},

  Address                  = {Boston},
  Edition                  = {2}
}

@Misc{irl:06,
  Title                    = {Internet Research Laboratory},

  Author                   = {IRL},
  HowPublished             = {\url{http://irl.cs.ucla.edu/topology}},
  Note                     = {Acesso em março de 2007},
  Year                     = {2007},

  Key                      = {IRL}
}

@Misc{JabRef,
  Title                    = {JabRef reference manager},

  Author                   = {JabRef},
  Year                     = {2014},

 
  Url                      = {http://jabref.sourceforge.net},
  Urlaccessdate            = {24 de janaeiro de 2014}
}


@Book{Lamport1986,
  Title                    = {LaTeX: a document preparation system},
  Author                   = {Lamport, Leslie},
  Publisher                = {Addison-Wesley},
  Year                     = {1986},

  Address                  = {Boston}
}

@Misc{latex14,
  Title                    = {LaTeX – A document preparation system},

  Author                   = {LaTeX},
  Year                     = {2014},


  Url                      = {http://www.latex-project.org},
  Urlaccessdate            = {24 janeiro de 2014}
}

@Book{maturana:2003,
  Title                    = {A Árvore do Conhecimento},
  Author                   = {Humberto R. Maturana and Francisco J. Varela},
  Publisher                = {Editora Palas Athena},
  Year                     = {2003},

  Address                  = {São Paulo},
  Edition                  = {3},

  Page                     = {283},
  Subtitle                 = {as bases biológicas da compreenão humana}
}

@Misc{Mendeley,
  Title                    = {Mendeley: academic software for research papers},

  Author                   = {Mendeley},
  Year                     = {2014},

 
  Url                      = {http://www.mendeley.com},
  Urlaccessdate            = {24 de janeiro de 2014}
}

@Misc{MiKTeX,
  Title                    = {The MiKTeX project},

  Author                   = {MiKTeX},
  Year                     = {2014},

  
  Url                      = {http://www.miktex.org},
  Urlaccessdate            = {24 de janeiro de 2014}
}

@Book{morinmoigne:2000,
  Title                    = {A Inteligência da Complexidade},
  Author                   = {Edgar Morin and Jean-Louis {Le MOIGNE}},
  Publisher                = {Editora Petrópolis},
  Year                     = {2000},

  Address                  = {São Paulo}
}

@MastersThesis{mar00,
  Title                    = {Algoritmos Distribuídos para a Construção de Arquivos Invertidos},
  Author                   = {Marden Silveira Neubert},
  School                   = {Departamento de Ciência da Computação, Universidade Federal de Minas Gerais},
  Year                     = {2000},
  Month                    = {Março},

  Key                      = {author}
}

@InProceedings{rp99,
  Title                    = {Hash and Displace: Efficient Evaluation of Minimal Perfect Hash Functions},
  Author                   = {Rasmus Pagh},
  Booktitle                = {Workshop on Algorithms and Data Structures},
  Year                     = {1999},
  Pages                    = {49-54},

  Key                      = {author}
}

@MastersThesis{santos:2003,
  Title                    = {Aspectos conceituais e arquiteturais para a criação de linhagens de agentes de software cognitivos e situados},
  Author                   = {{Bruno} {André} Santos},
  School                   = {Centro Federal de Educação Tecnolóogica de Minas Gerais},
  Year                     = {2003},

  Address                  = {Belo Horizonte},
  Month                    = {Junho},

  Key                      = {Agentes inteligentes,Inteligência artificial,Cognição situada}
}

@InProceedings{SoaresBGO10,
  Title                    = {Emergence of Neuronal Groups on a Self-Organized Spiking Neurons Network Based on Genetic Algorithm.},
  Author                   = {Soares, Gabriela E. and Borges, Henrique E. and Gomes, Rogério M. and Oliveira, Geraldo Magela Couto},
  Booktitle                = {SBRN},
  Year                     = {2010},
  Editor                   = {Ludermir, Teresa Bernarda and Figueiredo, Karla and Thomaz, Carlos E.},
  Pages                    = {43-48},
  Publisher                = {IEEE},

  Added-at                 = {2012-03-22T00:00:00.000+0100},
  Biburl                   = {http://www.bibsonomy.org/bibtex/2560229187cddd00b690e87c24ab9946a/dblp},
  Ee                       = {http://doi.ieeecomputersociety.org/10.1109/SBRN.2010.16},
  Interhash                = {87f57cc28d24fbdc69927bc19af6b6db},
  Intrahash                = {560229187cddd00b690e87c24ab9946a},
  ISBN                     = {978-1-4244-8391-4},
  Keywords                 = {dblp},
  Timestamp                = {2012-03-22T00:00:00.000+0100},
  Url                      = {http://dblp.uni-trier.de/db/conf/sbrn/sbrn2010.html#SoaresBGO10}
}

@MastersThesis{CELSO2012,
  Title                    = {Recuperação de Vídeos Baseada em Conteúdo em um Sistema de Informação para Apoio à Análise do Discurso Televisivo},
  Author                   = {Celso Luiz de Souza},
  School                   = {Centro Federal de Educação tecnológica de Minas Gerais},
  Year                     = {2012},
  Type                     = {Mestrado}
}

@Misc{TeXnicCenter,
  Title                    = {Editor TeXnicCenter},

  Author                   = {TeXnicCenter},
  Year                     = {2014},

 
  Url                      = {http://www.texniccenter.org},
  Urlaccessdate            = {24 de janeiro de 2014}
}

@Misc{TexStudio,
  Title                    = {TexStudio: Welcome to TeXstudio},

  Author                   = {TexStudio},
  Year                     = {2014},

 
  Url                      = {http://texstudio.sourceforge.net/},
  Urlaccessdate            = {24 de janeiro de 2014}
}

@Misc{TexMaker,
  Title                    = {TexMaker: The universal LaTeX editor},

  Author                   = {TexMaker},
  Year                     = {2014},

 
  Url                      = {http://texstudio.sourceforge.net/},
  Urlaccessdate            = {24 de janeiro de 2014}
}

@Misc{Wikibooks14,
  Title                    = {LaTeX},

  Author                   = {Wikibooks},
  Year                     = {2014},

 
  Url                      = {http://en.wikibooks.org/wiki/LaTeX},
  Urlaccessdate            = {24 de janeiro de 2014}
}

