% This file was created with JabRef 2.10b2.
% Encoding: UTF-8

@article{chluba2002kinetic,
  Title                    = {Kinetic Sunyaev-Zeldovich effect from galaxy cluster rotation},
  Author                   = {Chluba, J and Mannheim, K},
  Journal                  = {Astronomy \& Astrophysics},
  Volume                   = {396},
  Number                   = {2},
  Pages                    = {419--427},
  Year                     = {2002},
  Publisher                = {EDP Sciences}
}

@article{beers1990measures,
  Title                    = {Measures of location and scale for velocities in clusters of galaxies-A robust approach},
  Author                   = {Beers, Timothy C and Flynn, Kevin and Gebhardt, Karl},
  Journal                  = {The Astronomical Journal},
  Volume                   = {100},
  Pages                    = {32--46},
  Year                     = {1990}
}

@article{fang2009rotation,
  Title                    = {Rotation and turbulence of the hot intracluster medium in galaxy clusters},
  Author                   = {Fang, Taotao and Humphrey, Philip and Buote, David},
  Journal                  = {The Astrophysical Journal},
  Volume                   = {691},
  Number                   = {2},
  Pages                    = {1648},
  Year                     = {2009},
  Publisher                = {IOP Publishing}
}

@article{hamden2010measuring,
  Title                    = {Measuring Transverse Motions for Nearby Galaxy Clusters},
  Author                   = {Hamden, Erika T and Simpson, Christine M and Johnston, Kathryn V and Lee, Duane M},
  Journal                  = {The Astrophysical Journal Letters},
  Volume                   = {716},
  Number                   = {2},
  Pages                    = {L205},
  Year                     = {2010},
  Publisher                = {IOP Publishing}
}

@article{hwang2007searching,
  Title                    = {Searching for rotating galaxy clusters in SDSS and 2dFGRS},
  Author                   = {Hwang, Ho Seong and Lee, Myung Gyoon},
  Journal                  = {The Astrophysical Journal},
  Volume                   = {662},
  Number                   = {1},
  Pages                    = {236},
  Year                     = {2007},
  Publisher                = {IOP Publishing}
}

@article{kalinkov2005rotation,
  Title                    = {Rotation of the cluster of galaxies A2107},
  Author                   = {Kalinkov, M and Valchanov, T and Valtchanov, I and Kuneva, I and Dissanska, M},
  Journal                  = {Monthly Notices of the Royal Astronomical Society},
  Volume                   = {359},
  Number                   = {4},
  Pages                    = {1491--1497},
  Year                     = {2005},
  Publisher                = {Blackwell Science Ltd Oxford, UK}
}

@article{manolopoulou2016galaxy,
  Title                    = {Galaxy cluster's rotation},
  Author                   = {Manolopoulou, Maria and Plionis, Manolis},
  Journal                  = {Monthly Notices of the Royal Astronomical Society},
  Year                     = {2016},
  Publisher                = {Oxford University Press}
}

@article{ribeiro2011non,
  Title                    = {Non-Gaussian velocity distributions—the effect on virial mass estimates of galaxy groups},
  Author                   = {Ribeiro, Andre LB and Lopes, Paulo AA and Trevisan, Marina},
  Journal                  = {Monthly Notices of the Royal Astronomical Society: Letters},
  Volume                   = {413},
  Number                   = {1},
  Pages                    = {L81--L85},
  Year                     = {2011},
  Publisher                = {Blackwell Science Ltd Oxford, UK}
}

@article{tovmassian2015rotation,
  Title                    = {The rotation of galaxy clusters},
  Author                   = {Tovmassian, Hrant M},
  Journal                  = {Astrophysics},
  Volume                   = {58},
  Number                   = {3},
  Pages                    = {328--337},
  Year                     = {2015},
  Publisher                = {Springer}
}

@article{yahil1977velocity,
  Title                    = {The velocity distribution of galaxies in clusters},
  Author                   = {Yahil, A and Vidal, NV},
  Journal                  = {The Astrophysical Journal},
  Volume                   = {214},
  Pages                    = {347--350},
  Year                     = {1977}
}

@article{nascimento2016dynamical,
  Title                    = {Dynamical analysis of the cluster pair: A3407+ A3408},
  Author                   = {Nascimento, RS and Ribeiro, ALB and Trevisan, M and Carrasco, ER and Plana, H and Dupke, R},
  Journal                  = {Monthly Notices of the Royal Astronomical Society},
  Volume                   = {460},
  Number                   = {2},
  Pages                    = {2193--2206},
  Year                     = {2016},
  Publisher                = {Oxford University Press}
}

@MastersThesis{RAQUEL2012,
  Title                    = {Estudo da dinâmica de pares de aglomerados de galáxias},
  Author                   = {Raquel Santiago Nascimento},
  School                   = {Universidade Estadual de Santa Cruz},
  Year                     = {2012},
  Address                  = {Ilhéus},
  Type                     = {Mestrado}
}

@MastersThesis{FLAVIO2012,
  Title                    = {Estudo da Distribuição de velocidades em aglomerados de galáxias - Testes de Não Rejeitaidade e metanálise de Fisher},
  Author                   = {Flávio Santos Sampaio},
  School                   = {Universidade Estadual de Santa Cruz},
  Year                     = {2013},
  Address                  = {Ilhéus},
  Type                     = {Mestrado}
}

@MastersThesis{VELASQUEZ2012,
  Title                    = {Estimativa de Parâmetros Cosmológicos usando Aglomerados de Galáxias},
  Author                   = {Carlos Augusto Molina Velásquez},
  School                   = {Universidade Federal do Rio de Janeiro},
  Year                     = {2007},
  Address                  = {Rio de Janeiro},
  Type                     = {Mestrado}
}

@Book{rembold2011,
  Title                    = {Tópicos especiais em física: Astronomia},
  Author                   = {Sandro Barboza Rembold},
  Publisher                = {Editora Editus},
  Year                     = {2011},
  Address                  = {Ilhéus}
}

@article{andreon2012,
  Title                    = {Richness-mass relation self-calibration for galaxy clusters},
  Author                   = {Andreon, Stefano and Berg{\'e}, J},
  Journal                  = {Astronomy \& Astrophysics},
  Volume                   = {547},
  Pages                    = {A117},
  Year                     = {2012},
  Publisher                = {EDP Sciences}
}

@article{Bullock,
  Title                    = {Profiles of dark haloes: evolution, scatter and environment},
  Author                   = {Bullock, James S and Kolatt, Tsafrir S and Sigad, Yair and Somerville, Rachel S and Kravtsov, Andrey V and Klypin, Anatoly A and Primack, Joel R and Dekel, Avishai},
  Journal                  = {Monthly Notices of the Royal Astronomical Society},
  Volume                   = {321},
  Number                   = {3},
  Pages                    = {559--575},
  Year                     = {2001},
  Publisher                = {Blackwell Science Ltd Oxford, UK}
}

@article{COMERFORD,
  Title                    = {The observed concentration--mass relation for galaxy clusters},
  Author                   = {Comerford, Julia M and Natarajan, Priyamvada},
  Journal                  = {Monthly Notices of the Royal Astronomical Society},
  Volume                   = {379},
  Number                   = {1},
  Pages                    = {190--200},
  Year                     = {2007},
  Publisher                = {Blackwell Publishing Ltd Oxford, UK}
}

@article{NFW1997,
  Title                    = {A universal density profile from hierarchical clustering},
  Author                   = {Navarro, Julio F and Frenk, Carlos S and White, Simon DM},
  Journal                  = {The Astrophysical Journal},
  Volume                   = {490},
  Number                   = {2},
  Pages                    = {493},
  Year                     = {1997},
  Publisher                = {IOP Publishing}
}

@article{springel1999,
  Title                    = {Tidal tails in cold dark matter cosmologies},
  Author                   = {Springel, Volker and White, Simon DM},
  Journal                  = {Monthly Notices of the Royal Astronomical Society},
  Volume                   = {307},
  Number                   = {1},
  Pages                    = {162--178},
  Year                     = {1999},
  Publisher                = {Wiley Online Library}
}

@article{materne1983cluster,
  Title                    = {The cluster of galaxies SC0316-44-Does it rotate?},
  Author                   = {Materne, J and Hopp, U},
  Journal                  = {Astronomy and Astrophysics},
  Volume                   = {124},
  Pages                    = {L13--L15},
  Year                     = {1983}
}

@article{oegerle1992structure,
  Title                    = {Structure, rotation, and the peculiar velocity cD galaxy in Abell 2107},
  Author                   = {Oegerle, William R and Hill, John M},
  Journal                  = {The Astronomical Journal},
  Volume                   = {104},
  Pages                    = {2078--2085},
  Year                     = {1992}
}

@book{cramer2004sage,
  Title                    = {The Sage dictionary of statistics: a practical resource for students in the social sciences},
  Author                   = {Cramer, Duncan and Howitt, Dennis Laurence},
  Year                     = {2004},
  Publisher                = {Sage}
}

@article{wainer1978gapping,
  Title                    = {Gapping},
  Author                   = {Wainer, Howard and Schacht, Stephen},
  Journal                  = {Psychometrika},
  Volume                   = {43},
  Number                   = {2},
  Pages                    = {203--212},
  Year                     = {1978},
  Publisher                = {Springer}
}

@article{beers1991dynamical,
  Title                    = {A dynamical analysis of twelve clusters of galaxies},
  Author                   = {Beers, Timothy C and Gebhardt, Karl and Forman, William and Huchra, John P and Jones, Christine},
  Journal                  = {The Astronomical Journal},
  Volume                   = {102},
  Pages                    = {1581--1609},
  Year                     = {1991}
}

@article{lee1969shape,
  Title                    = {The Shape and Virial Theorem of a Star Cluster in the Galactic Tidal Force Field},
  Author                   = {Lee, See-Woo and Rood, Hervert L},
  Journal                  = {Journal of Korean Astronomical Society},
  Volume                   = {2},
  Pages                    = {1--9},
  Year                     = {1969}
}

@book{gingrich1992introductory,
  Title                    = {Introductory statistics for the social sciences},
  Author                   = {Gingrich, Paul},
  Year                     = {1992},
  Publisher                = {Department of Sociology and Social Sciences, University of Regina}
}